<?xml version="1.0" encoding="UTF-8" standalone="no"?>
<?xml-stylesheet type="text/xsl" href="/webservices/catalog/xsl/searchRetrieveResponse.xsl"?>
<searchRetrieveResponse xmlns="http://www.loc.gov/zing/srw/" xmlns:xsi="http://www.w3.org/2001/XMLSchema-instance">
<version>1.1</version>
<numberOfRecords>253773</numberOfRecords>
<records>
<record>
<recordSchema>info:srw/schema/1/marcxml-v1.1</recordSchema>
<recordPacking>xml</recordPacking>
<recordData>
<record xmlns="http://www.loc.gov/MARC21/slim">
<leader>99999cam a2200001 a 4500cam   a </leader>
<controlfield tag="001">8114241</controlfield>
<controlfield tag="008">811217s1982    nyu      b    000 1 eng  </controlfield>
<datafield tag="010" ind1=" " ind2=" ">
<subfield code="a">   81022419 </subfield>
</datafield>
<datafield tag="040" ind1=" " ind2=" ">
<subfield code="a">DLC</subfield>
<subfield code="c">DLC</subfield>
<subfield code="d">OCO</subfield>
<subfield code="d">BAKER</subfield>
<subfield code="d">BTCTA</subfield>
</datafield>
<datafield tag="019" ind1=" " ind2=" ">
<subfield code="a">10062795</subfield>
</datafield>
<datafield tag="020" ind1=" " ind2=" ">
<subfield code="a">0393013456</subfield>
</datafield>
<datafield tag="020" ind1=" " ind2=" ">
<subfield code="a">9780393013450</subfield>
</datafield>
<datafield tag="020" ind1=" " ind2=" ">
<subfield code="a">0380641135 (pbk.)</subfield>
</datafield>
<datafield tag="020" ind1=" " ind2=" ">
<subfield code="a">9780380641130 (pbk.)</subfield>
</datafield>
<datafield tag="029" ind1="1" ind2=" ">
<subfield code="a">NLGGC</subfield>
<subfield code="b">820994235</subfield>
</datafield>
<datafield tag="029" ind1="1" ind2=" ">
<subfield code="a">NZ1</subfield>
<subfield code="b">2635150</subfield>
</datafield>
<datafield tag="043" ind1=" " ind2=" ">
<subfield code="a">n-us---</subfield>
<subfield code="a">n-us-va</subfield>
</datafield>
<datafield tag="050" ind1="0" ind2="0">
<subfield code="a">PS1449.C85</subfield>
<subfield code="b">R3 1982</subfield>
</datafield>
<datafield tag="082" ind1="0" ind2="0">
<subfield code="a">813/.4</subfield>
<subfield code="2">19</subfield>
</datafield>
<datafield tag="100" ind1="1" ind2=" ">
<subfield code="a">Crane, Stephen,</subfield>
<subfield code="d">1871-1900.</subfield>
</datafield>
<datafield tag="245" ind1="1" ind2="4">
<subfield code="a">The red badge of courage :</subfield>
<subfield code="b">an episode of the American Civil War /</subfield>
<subfield code="c">Stephen Crane ; newly edited from Crane's original manuscript by Henry Binder.</subfield>
</datafield>
<datafield tag="260" ind1=" " ind2=" ">
<subfield code="a">New York :</subfield>
<subfield code="b">Norton,</subfield>
<subfield code="c">c1982.</subfield>
</datafield>
<datafield tag="300" ind1=" " ind2=" ">
<subfield code="a">ix, 173 p. ;</subfield>
<subfield code="c">22 cm.</subfield>
</datafield>
<datafield tag="504" ind1=" " ind2=" ">
<subfield code="a">Includes bibliographical references.</subfield>
</datafield>
<datafield tag="651" ind1=" " ind2="0">
<subfield code="a">Virginia</subfield>
<subfield code="x">History</subfield>
<subfield code="y">Civil War, 1861-1865</subfield>
<subfield code="v">Fiction.</subfield>
</datafield>
<datafield tag="650" ind1=" " ind2="0">
<subfield code="a">Chancellorsville, Battle of, Chancellorsville, Va., 1863</subfield>
<subfield code="v">Fiction.</subfield>
</datafield>
<datafield tag="655" ind1=" " ind2="7">
<subfield code="a">War stories.</subfield>
<subfield code="2">gsafd</subfield>
</datafield>
<datafield tag="655" ind1=" " ind2="7">
<subfield code="a">Historical fiction.</subfield>
<subfield code="2">gsafd</subfield>
</datafield>
<datafield tag="700" ind1="1" ind2=" ">
<subfield code="a">Binder, Henry.</subfield>
</datafield>
<datafield tag="938" ind1=" " ind2=" ">
<subfield code="a">Baker &amp; Taylor</subfield>
<subfield code="b">BKTY</subfield>
<subfield code="c">14.95</subfield>
<subfield code="d">11.21</subfield>
<subfield code="i">0393013456</subfield>
<subfield code="n">0000579822</subfield>
<subfield code="s">active</subfield>
</datafield>
<datafield tag="938" ind1=" " ind2=" ">
<subfield code="a">Baker and Taylor</subfield>
<subfield code="b">BTCP</subfield>
<subfield code="n">81022419</subfield>
</datafield>
</record>
</recordData>
</record>