
<record>
<recordSchema>info:srw/schema/1/marcxml-v1.1</recordSchema>
<recordPacking>xml</recordPacking>
<recordData>
<record xmlns="http://www.loc.gov/MARC21/slim">
<leader>99999cam a2200001 a 4500cam   a </leader>
<controlfield tag="001">43487214</controlfield>
<controlfield tag="008">000106s2000    nyuab  j      001 0 eng  </controlfield>
<datafield tag="010" ind1=" " ind2=" ">
<subfield code="a">   00020431 </subfield>
</datafield>
<datafield tag="040" ind1=" " ind2=" ">
<subfield code="a">DLC</subfield>
<subfield code="c">DLC</subfield>
<subfield code="d">YDX</subfield>
<subfield code="d">BAKER</subfield>
<subfield code="d">BTCTA</subfield>
<subfield code="d">YDXCP</subfield>
<subfield code="d">XY4</subfield>
</datafield>
<datafield tag="020" ind1=" " ind2=" ">
<subfield code="a">078946988X (lib.)</subfield>
</datafield>
<datafield tag="020" ind1=" " ind2=" ">
<subfield code="a">9780789469885 (lib.)</subfield>
</datafield>
<datafield tag="020" ind1=" " ind2=" ">
<subfield code="a">0789463024</subfield>
</datafield>
<datafield tag="020" ind1=" " ind2=" ">
<subfield code="a">9780789463029</subfield>
</datafield>
<datafield tag="029" ind1="1" ind2=" ">
<subfield code="a">YDXCP</subfield>
<subfield code="b">1681415</subfield>
</datafield>
<datafield tag="029" ind1="1" ind2=" ">
<subfield code="a">YDXCP</subfield>
<subfield code="b">1751217</subfield>
</datafield>
<datafield tag="029" ind1="1" ind2=" ">
<subfield code="a">NZ1</subfield>
<subfield code="b">5531857</subfield>
</datafield>
<datafield tag="042" ind1=" " ind2=" ">
<subfield code="a">lcac</subfield>
</datafield>
<datafield tag="043" ind1=" " ind2=" ">
<subfield code="a">n-us---</subfield>
</datafield>
<datafield tag="050" ind1="0" ind2="0">
<subfield code="a">E468</subfield>
<subfield code="b">.S795 2000</subfield>
</datafield>
<datafield tag="082" ind1="0" ind2="0">
<subfield code="a">973.7</subfield>
<subfield code="2">21</subfield>
</datafield>
<datafield tag="100" ind1="1" ind2=" ">
<subfield code="a">Stanchak, John E.</subfield>
</datafield>
<datafield tag="245" ind1="1" ind2="0">
<subfield code="a">Civil War /</subfield>
<subfield code="c">written by John Stanchak.</subfield>
</datafield>
<datafield tag="250" ind1=" " ind2=" ">
<subfield code="a">1st American ed.</subfield>
</datafield>
<datafield tag="260" ind1=" " ind2=" ">
<subfield code="a">New York :</subfield>
<subfield code="b">Dorling Kindersley Pub.,</subfield>
<subfield code="c">c2000.</subfield>
</datafield>
<datafield tag="300" ind1=" " ind2=" ">
<subfield code="a">64 p. :</subfield>
<subfield code="b">ill. (some col.), 1 col. map ;</subfield>
<subfield code="c">29 cm.</subfield>
</datafield>
<datafield tag="440" ind1=" " ind2="0">
<subfield code="a">DK eyewitness books</subfield>
</datafield>
<datafield tag="500" ind1=" " ind2=" ">
<subfield code="a">Includes index.</subfield>
</datafield>
<datafield tag="505" ind1="0" ind2=" ">
<subfield code="a">Long argument -- Slave life -- Election of 1860 -- Underground Railroad -- Secession -- Raising armies -- Everyone's war -- Women at war -- Young and the old -- Outfitting armies -- Bull Run -- Sick and wounded -- Great commanders -- Arming soldiers -- Black volunteers -- Horsemen -- Army camp life -- Field artillery -- Gettysburg -- Siege of Vicksburg -- Northern life  -- Confederate culture -- War on the water -- Secret war -- March to the Sea -- Confederacy surrenders -- Fates of two leaders -- Life of freedom -- New era begins -- Index.</subfield>
</datafield>
<datafield tag="520" ind1=" " ind2=" ">
<subfield code="a">Examines many aspects of the Civil War, including the issue of slavery, secession, the raising of armies, individual battles, the commanders, Northern life, Confederate culture, the surrender of the South, and the aftermath.</subfield>
</datafield>
<datafield tag="651" ind1=" " ind2="0">
<subfield code="a">United States</subfield>
<subfield code="x">History</subfield>
<subfield code="y">Civil War, 1861-1865</subfield>
<subfield code="v">Juvenile literature.</subfield>
</datafield>
<datafield tag="651" ind1=" " ind2="1">
<subfield code="a">United States</subfield>
<subfield code="x">History</subfield>
<subfield code="y">Civil War, 1861-1865.</subfield>
</datafield>
<datafield tag="938" ind1=" " ind2=" ">
<subfield code="a">Baker &amp; Taylor</subfield>
<subfield code="b">BKTY</subfield>
<subfield code="c">19.99</subfield>
<subfield code="d">19.99</subfield>
<subfield code="i">078946988X</subfield>
<subfield code="n">0003517574</subfield>
<subfield code="s">active</subfield>
</datafield>
<datafield tag="938" ind1=" " ind2=" ">
<subfield code="a">Baker &amp; Taylor</subfield>
<subfield code="b">BKTY</subfield>
<subfield code="c">15.99</subfield>
<subfield code="d">11.99</subfield>
<subfield code="i">0789463024</subfield>
<subfield code="n">0003483353</subfield>
<subfield code="s">active</subfield>
</datafield>
<datafield tag="938" ind1=" " ind2=" ">
<subfield code="a">Baker and Taylor</subfield>
<subfield code="b">BTCP</subfield>
<subfield code="n">00020431</subfield>
</datafield>
<datafield tag="938" ind1=" " ind2=" ">
<subfield code="a">YBP Library Services</subfield>
<subfield code="b">YANK</subfield>
<subfield code="n">1751217</subfield>
</datafield>
</record>
</recordData>
</record>