
<record>
<recordSchema>info:srw/schema/1/marcxml-v1.1</recordSchema>
<recordPacking>xml</recordPacking>
<recordData>
<record xmlns="http://www.loc.gov/MARC21/slim">
<leader>99999cam a2200001 i 4500cam   i </leader>
<controlfield tag="001">290058</controlfield>
<controlfield tag="008">730529s1936    nyu           000 1 eng  </controlfield>
<datafield tag="010" ind1=" " ind2=" ">
<subfield code="a">   36027334 </subfield>
</datafield>
<datafield tag="040" ind1=" " ind2=" ">
<subfield code="a">DLC</subfield>
<subfield code="c">DLC</subfield>
<subfield code="d">OCLCQ</subfield>
</datafield>
<datafield tag="019" ind1=" " ind2=" ">
<subfield code="a">1164316</subfield>
<subfield code="a">1843487</subfield>
<subfield code="a">2045529</subfield>
<subfield code="a">2380592</subfield>
<subfield code="a">22721638</subfield>
<subfield code="a">28353778</subfield>
<subfield code="a">31150469</subfield>
<subfield code="a">33356764</subfield>
<subfield code="a">37435159</subfield>
<subfield code="a">51742970</subfield>
<subfield code="a">52611897</subfield>
<subfield code="a">52611922</subfield>
<subfield code="a">52611941</subfield>
<subfield code="a">52612025</subfield>
<subfield code="a">52612140</subfield>
<subfield code="a">52612564</subfield>
<subfield code="a">52612580</subfield>
<subfield code="a">52612597</subfield>
<subfield code="a">52613205</subfield>
<subfield code="a">52613668</subfield>
<subfield code="a">52632401</subfield>
</datafield>
<datafield tag="029" ind1="1" ind2=" ">
<subfield code="a">NLGGC</subfield>
<subfield code="b">135290074</subfield>
</datafield>
<datafield tag="029" ind1="1" ind2=" ">
<subfield code="a">NZ1</subfield>
<subfield code="b">2942464</subfield>
</datafield>
<datafield tag="043" ind1=" " ind2=" ">
<subfield code="a">n-us-ga</subfield>
</datafield>
<datafield tag="050" ind1="0" ind2="0">
<subfield code="a">PS3525.I972</subfield>
<subfield code="b">G6 1936</subfield>
</datafield>
<datafield tag="051" ind1=" " ind2=" ">
<subfield code="a">PS3525.I972</subfield>
<subfield code="b">G6 1936 Copy 2</subfield>
<subfield code="c">Copy 18. In dust jacket. Signed inscription to A.W. Stern by author on front free endpaper. Gift of Thomas Stern,     Sept. 4, 1997. Accompanied by three typescript letters,     one signed by M. Mitchell,     from a correspondence between A.W. Stern and the author.</subfield>
</datafield>
<datafield tag="051" ind1=" " ind2=" ">
<subfield code="a">PS3525.I972</subfield>
<subfield code="b">G6 1936b</subfield>
<subfield code="c">Another impression. "Published June 1936"--Verso of t.p.</subfield>
</datafield>
<datafield tag="051" ind1=" " ind2=" ">
<subfield code="a">PS3525.I972</subfield>
<subfield code="b">G6 1936b Copy 2</subfield>
<subfield code="c">Copy 2 of preceding impression. Copyright deposit (96258),     July 1, 1936.</subfield>
</datafield>
<datafield tag="051" ind1=" " ind2=" ">
<subfield code="a">Microfilm 77930 PZ</subfield>
<subfield code="c">Replaces LC copy 11.</subfield>
</datafield>
<datafield tag="082" ind1="0" ind2="0">
<subfield code="a">813/.52</subfield>
<subfield code="2">20</subfield>
</datafield>
<datafield tag="100" ind1="1" ind2=" ">
<subfield code="a">Mitchell, Margaret,</subfield>
<subfield code="d">1900-1949.</subfield>
</datafield>
<datafield tag="245" ind1="1" ind2="0">
<subfield code="a">Gone with the wind /</subfield>
<subfield code="c">by Margaret Mitchell.</subfield>
</datafield>
<datafield tag="260" ind1=" " ind2=" ">
<subfield code="a">New York :</subfield>
<subfield code="b">Macmillan,</subfield>
<subfield code="c">1936.</subfield>
</datafield>
<datafield tag="300" ind1=" " ind2=" ">
<subfield code="a">1037 p. ;</subfield>
<subfield code="c">22 cm.</subfield>
</datafield>
<datafield tag="500" ind1=" " ind2=" ">
<subfield code="a">"Published May 1936"--Verso of t.p. Actual publication of the 1st ed. was delayed to June 30, 1936. Cf. Gone with the wind as book and film / Richard Harwell. c1983. P. [xv].</subfield>
</datafield>
<datafield tag="500" ind1=" " ind2=" ">
<subfield code="a">LC copy has dust jacket. Newspaper clipping from the Parade section, Oct. 31, 1976 and magazine clipping from Publishers weekly, Sept. 6, 1976 on author laid in.</subfield>
<subfield code="5">DLC</subfield>
</datafield>
<datafield tag="500" ind1=" " ind2=" ">
<subfield code="a">Source: Gift of Herman Finkelstein, Dec. 30, 1980.</subfield>
<subfield code="5">DLC</subfield>
</datafield>
<datafield tag="650" ind1=" " ind2="0">
<subfield code="a">O'Hara, Scarlett (Fictitious character)</subfield>
<subfield code="v">Fiction.</subfield>
</datafield>
<datafield tag="651" ind1=" " ind2="0">
<subfield code="a">Georgia</subfield>
<subfield code="x">History</subfield>
<subfield code="y">Civil War, 1861-1865</subfield>
<subfield code="v">Fiction.</subfield>
</datafield>
<datafield tag="650" ind1=" " ind2="0">
<subfield code="a">Women</subfield>
<subfield code="z">Georgia</subfield>
<subfield code="v">Fiction.</subfield>
</datafield>
<datafield tag="650" ind1=" " ind2="0">
<subfield code="a">Plantation life</subfield>
<subfield code="v">Fiction.</subfield>
</datafield>
<datafield tag="655" ind1=" " ind2="7">
<subfield code="a">Historical fiction.</subfield>
<subfield code="2">gsafd</subfield>
</datafield>
<datafield tag="655" ind1=" " ind2="7">
<subfield code="a">War stories.</subfield>
<subfield code="2">gsafd</subfield>
</datafield>
<datafield tag="710" ind1="2" ind2=" ">
<subfield code="a">Herman Finkelstein Collection (Library of Congress)</subfield>
<subfield code="5">DLC</subfield>
</datafield>
<datafield tag="710" ind1="2" ind2=" ">
<subfield code="a">Alfred Whital Stern Collection of Lincolniana (Library of Congress)</subfield>
<subfield code="5">DLC</subfield>
</datafield>
</record>
</recordData>
</record>