
<record>
<recordSchema>info:srw/schema/1/marcxml-v1.1</recordSchema>
<recordPacking>xml</recordPacking>
<recordData>
<record xmlns="http://www.loc.gov/MARC21/slim">
<leader>99999cam a2200001 a 4500cam   a </leader>
<controlfield tag="001">62381518</controlfield>
<controlfield tag="008">051117s2006    nyu           000 1 eng  </controlfield>
<datafield tag="010" ind1=" " ind2=" ">
<subfield code="a">  2005055011</subfield>
</datafield>
<datafield tag="040" ind1=" " ind2=" ">
<subfield code="a">DLC</subfield>
<subfield code="c">DLC</subfield>
<subfield code="d">BAKER</subfield>
<subfield code="d">C#P</subfield>
<subfield code="d">BUR</subfield>
<subfield code="d">VP@</subfield>
<subfield code="d">UKM</subfield>
<subfield code="d">YDXCP</subfield>
<subfield code="d">BTCTA</subfield>
</datafield>
<datafield tag="015" ind1=" " ind2=" ">
<subfield code="a">GBA636626</subfield>
<subfield code="2">bnb</subfield>
</datafield>
<datafield tag="016" ind1="7" ind2=" ">
<subfield code="a">013437511</subfield>
<subfield code="2">Uk</subfield>
</datafield>
<datafield tag="019" ind1=" " ind2=" ">
<subfield code="a">65468925</subfield>
</datafield>
<datafield tag="020" ind1=" " ind2=" ">
<subfield code="a">0805067396</subfield>
</datafield>
<datafield tag="020" ind1=" " ind2=" ">
<subfield code="a">9780805067392</subfield>
</datafield>
<datafield tag="029" ind1="1" ind2=" ">
<subfield code="a">YDXCP</subfield>
<subfield code="b">2382842</subfield>
</datafield>
<datafield tag="029" ind1="1" ind2=" ">
<subfield code="a">NZ1</subfield>
<subfield code="b">10582432</subfield>
</datafield>
<datafield tag="043" ind1=" " ind2=" ">
<subfield code="a">n-usu--</subfield>
</datafield>
<datafield tag="050" ind1="0" ind2="0">
<subfield code="a">PS3552.A3613</subfield>
<subfield code="b">J83 2006</subfield>
</datafield>
<datafield tag="082" ind1="0" ind2="0">
<subfield code="a">813/.54</subfield>
<subfield code="2">22</subfield>
</datafield>
<datafield tag="100" ind1="1" ind2=" ">
<subfield code="a">Bahr, Howard,</subfield>
<subfield code="d">1946-</subfield>
</datafield>
<datafield tag="245" ind1="1" ind2="4">
<subfield code="a">The Judas Field :</subfield>
<subfield code="b">a novel of the Civil War /</subfield>
<subfield code="c">Howard Bahr.</subfield>
</datafield>
<datafield tag="250" ind1=" " ind2=" ">
<subfield code="a">1st ed.</subfield>
</datafield>
<datafield tag="260" ind1=" " ind2=" ">
<subfield code="a">New York :</subfield>
<subfield code="b">H. Holt.,</subfield>
<subfield code="c">2006.</subfield>
</datafield>
<datafield tag="300" ind1=" " ind2=" ">
<subfield code="a">292 p. ;</subfield>
<subfield code="c">25 cm.</subfield>
</datafield>
<datafield tag="520" ind1=" " ind2=" ">
<subfield code="a">It's been twenty years since Cass Wakefield returned from the Civil War to his hometown in Mississippi, but he is still haunted by battlefield memories. Now he is presented with a chance to literally retrace his steps from the past, as his dying friend Alison urges him to accompany her on a trip to Franklin, Tennessee, to recover the bodies of her father and brother. As they make their way north over the battlefields, they are joined by two of Cass's former brothers-in-arms, and his memories reemerge with overwhelming vividness. Before long the group has assembled on the haunted ground of Franklin, where past and present--the legacy of the war and the narrow hope of redemption--will draw each of them toward a painful confrontation. Moving between harrowing scenes of battle and the novel's present-day quest, author Bahr recreates this era with devastating authority.--From publisher description.</subfield>
</datafield>
<datafield tag="651" ind1=" " ind2="0">
<subfield code="a">United States</subfield>
<subfield code="x">History</subfield>
<subfield code="y">Civil War, 1861-1865</subfield>
<subfield code="v">Fiction.</subfield>
</datafield>
<datafield tag="651" ind1=" " ind2="0">
<subfield code="a">Southern States</subfield>
<subfield code="v">Fiction.</subfield>
</datafield>
<datafield tag="655" ind1=" " ind2="7">
<subfield code="a">Historical fiction.</subfield>
<subfield code="2">gsafd</subfield>
</datafield>
<datafield tag="655" ind1=" " ind2="7">
<subfield code="a">War stories.</subfield>
<subfield code="2">gsafd</subfield>
</datafield>
<datafield tag="856" ind1="4" ind2="2">
<subfield code="3">Contributor biographical information</subfield>
<subfield code="u">http://www.loc.gov/catdir/enhancements/fy0625/2005055011-b.html</subfield>
</datafield>
<datafield tag="856" ind1="4" ind2="2">
<subfield code="3">Publisher description</subfield>
<subfield code="u">http://www.loc.gov/catdir/enhancements/fy0625/2005055011-d.html</subfield>
</datafield>
<datafield tag="856" ind1="4" ind2="1">
<subfield code="3">Sample text</subfield>
<subfield code="u">http://www.loc.gov/catdir/enhancements/fy0701/2005055011-s.html</subfield>
</datafield>
<datafield tag="938" ind1=" " ind2=" ">
<subfield code="a">Baker &amp; Taylor</subfield>
<subfield code="b">BKTY</subfield>
<subfield code="c">25.00</subfield>
<subfield code="d">18.75</subfield>
<subfield code="i">0805067396</subfield>
<subfield code="n">0006641523</subfield>
<subfield code="s">active</subfield>
</datafield>
<datafield tag="938" ind1=" " ind2=" ">
<subfield code="a">YBP Library Services</subfield>
<subfield code="b">YANK</subfield>
<subfield code="n">2382842</subfield>
</datafield>
<datafield tag="938" ind1=" " ind2=" ">
<subfield code="a">Baker and Taylor</subfield>
<subfield code="b">BTCP</subfield>
<subfield code="n">2005055011</subfield>
</datafield>
</record>
</recordData>
</record>