
<record>
<recordSchema>info:srw/schema/1/marcxml-v1.1</recordSchema>
<recordPacking>xml</recordPacking>
<recordData>
<record xmlns="http://www.loc.gov/MARC21/slim">
<leader>99999cam a2200001 a 4500cam   a </leader>
<controlfield tag="001">50064805</controlfield>
<controlfield tag="008">020604s2002    nyuab    b    001 0 eng  </controlfield>
<datafield tag="010" ind1=" " ind2=" ">
<subfield code="a">  2002075465</subfield>
</datafield>
<datafield tag="040" ind1=" " ind2=" ">
<subfield code="a">DLC</subfield>
<subfield code="c">DLC</subfield>
<subfield code="d">XY4</subfield>
<subfield code="d">BAKER</subfield>
<subfield code="d">BTCTA</subfield>
<subfield code="d">YDXCP</subfield>
</datafield>
<datafield tag="020" ind1=" " ind2=" ">
<subfield code="a">0684863502</subfield>
</datafield>
<datafield tag="020" ind1=" " ind2=" ">
<subfield code="a">9780684863504</subfield>
</datafield>
<datafield tag="029" ind1="1" ind2=" ">
<subfield code="a">YDXCP</subfield>
<subfield code="b">1843869</subfield>
</datafield>
<datafield tag="029" ind1="1" ind2=" ">
<subfield code="a">NZ1</subfield>
<subfield code="b">6999639</subfield>
</datafield>
<datafield tag="043" ind1=" " ind2=" ">
<subfield code="a">n-us---</subfield>
</datafield>
<datafield tag="050" ind1="0" ind2="0">
<subfield code="a">E468</subfield>
<subfield code="b">.L58 2002</subfield>
</datafield>
<datafield tag="082" ind1="0" ind2="0">
<subfield code="a">973.7</subfield>
<subfield code="2">21</subfield>
</datafield>
<datafield tag="245" ind1="0" ind2="4">
<subfield code="a">The Library of Congress Civil War desk reference /</subfield>
<subfield code="c">Margaret E. Wagner, Gary W. Gallagher, and Paul Finkelman, editors ; foreword by James M. McPherson.</subfield>
</datafield>
<datafield tag="246" ind1="3" ind2="0">
<subfield code="a">Civil War desk reference</subfield>
</datafield>
<datafield tag="260" ind1=" " ind2=" ">
<subfield code="a">New York :</subfield>
<subfield code="b">Simon &amp; Schuster,</subfield>
<subfield code="c">c2002.</subfield>
</datafield>
<datafield tag="300" ind1=" " ind2=" ">
<subfield code="a">xxv, p. 949 :</subfield>
<subfield code="b">ill., maps ; 25 cm.</subfield>
</datafield>
<datafield tag="500" ind1=" " ind2=" ">
<subfield code="a">"A Grand Central Press book."</subfield>
</datafield>
<datafield tag="504" ind1=" " ind2=" ">
<subfield code="a">Includes bibliographical references and index.</subfield>
</datafield>
<datafield tag="520" ind1=" " ind2=" ">
<subfield code="a">From the home of The Nation's Memory comes the ultimate one-volume reference on the Civil War. Features include a timeline of the war with important political, military, and social events; biographies of important figures; and concise coverage of major campaigns and battles. 100 photos. 38 maps. The bloody conflict that sundered the United States from 1861 to 1865 took 620,000 lives, laid waste to large sections of the American South, and decided the future course of the nation. Its reverberations are still felt in American life. Now from the home of The Nation's Memory comes The Library of Congress Civil War Desk Reference. Drawn from the Library's unparalleled Civil War collections-including previously unpublished letters and diaries, maps and photographs, as well as thousands of works by post-Civil War scholars and experts-this is the ultimate one-volume reference on the Civil War. A comprehensive yet accessible compendium, The Library of Congress Civil War Desk Reference is organized into chapters that address broad themes such as Antebellum America, Wartime Politics, Armies, and Reconstruction and Aftermath of the War. Each of these chapters includes more specific topics, such as The Election of 1860, Notable Civil War Officers, and African Americans During Reconstruction. There are timelines that chronicle major events, brief profiles of significant people, and excerpts from key pieces of legislation and addresses that reflect the passions and politics of the times. Here readers can find, for example, detailed information on the arms used on both sides during the Civil War in the Weaponry chapter. And descriptions of significant battles, as well as information on casualties, military strategy and tactics, and logistical support, are to be found in the Battles and the Battlefield chapter. Topics ranging from economic conditions north and south of the Mason-Dixon line on the eve of the war to the history of slavery in the United States to the impact of the Civil War on literature and the fine arts give additional depth and context to the book's presentation of Civil War events. The Library of Congress Civil War Desk Reference also looks beyond the major events and figures and examines the lives of the common soldiers (from their diet, training, and medical treatment to the struggles of the Union's black soldiers), the various roles women played in the war, and telling events on the home fronts. Along with the words of writers such as Walt Whitman and Herman Melville, readers will find excerpts from the journals and letters of nurses, soldiers, refugees and freedmen. A final chapter offers a guide to further study of the Civil War-including information about major archival collections, important published resources, and national historic sites-for those who wish to learn more. Prodigious in its scope, illustrated with more than 100 photographs and drawings and dozens of maps, The Library of Congress Civil War Desk Reference is sure to become the indispensable one-volume reference on the Civil War. Wagner's (Library of Congress), Gallagher's (history, U. of Virginia), and Finkelman's (law, U. of Tulsa) guide is organized thematically into 13 main chapters, each further divided into several topics. A detailed table of contents and 38-page subject index make this an easy text to use. It is also unique in its inclusion of subjects generally absent in other works, such as the contributions of topographical engineers and mapmakers, and developments in surgery and medical care. Illustrated with some 100 photographs, drawings and maps, this academic text is accessible to general readers interested in American history and the Civil War.</subfield>
</datafield>
<datafield tag="651" ind1=" " ind2="0">
<subfield code="a">United States</subfield>
<subfield code="x">History</subfield>
<subfield code="y">Civil War, 1861-1865.</subfield>
</datafield>
<datafield tag="651" ind1=" " ind2="0">
<subfield code="a">United States</subfield>
<subfield code="x">History</subfield>
<subfield code="y">Civil War, 1861-1865</subfield>
<subfield code="v">Chronology.</subfield>
</datafield>
<datafield tag="700" ind1="1" ind2=" ">
<subfield code="a">Wagner, Margaret E.</subfield>
</datafield>
<datafield tag="700" ind1="1" ind2=" ">
<subfield code="a">Gallagher, Gary W.</subfield>
</datafield>
<datafield tag="700" ind1="1" ind2=" ">
<subfield code="a">Finkelman, Paul,</subfield>
<subfield code="d">1949-</subfield>
</datafield>
<datafield tag="710" ind1="2" ind2=" ">
<subfield code="a">Library of Congress.</subfield>
</datafield>
<datafield tag="856" ind1="4" ind2="2">
<subfield code="3">Contributor biographical information</subfield>
<subfield code="u">http://www.loc.gov/catdir/bios/simon051/2002075465.html</subfield>
</datafield>
<datafield tag="856" ind1="4" ind2="2">
<subfield code="3">Publisher description</subfield>
<subfield code="u">http://www.loc.gov/catdir/description/simon052/2002075465.html</subfield>
</datafield>
<datafield tag="856" ind1="4" ind2="1">
<subfield code="3">Sample text</subfield>
<subfield code="u">http://www.loc.gov/catdir/enhancements/fy0705/2002075465-s.html</subfield>
</datafield>
<datafield tag="938" ind1=" " ind2=" ">
<subfield code="a">Baker &amp; Taylor</subfield>
<subfield code="b">BKTY</subfield>
<subfield code="c">45.00</subfield>
<subfield code="d">33.75</subfield>
<subfield code="i">0684863502</subfield>
<subfield code="n">0003873674</subfield>
<subfield code="s">active</subfield>
</datafield>
<datafield tag="938" ind1=" " ind2=" ">
<subfield code="a">Baker and Taylor</subfield>
<subfield code="b">BTCP</subfield>
<subfield code="n">2002075465</subfield>
</datafield>
<datafield tag="938" ind1=" " ind2=" ">
<subfield code="a">YBP Library Services</subfield>
<subfield code="b">YANK</subfield>
<subfield code="n">1843869</subfield>
</datafield>
</record>
</recordData>
</record>