
<record>
<recordSchema>info:srw/schema/1/marcxml-v1.1</recordSchema>
<recordPacking>xml</recordPacking>
<recordData>
<record xmlns="http://www.loc.gov/MARC21/slim">
<leader>99999cam a2200001Ia 4500cam  Ia </leader>
<controlfield tag="001">11913818</controlfield>
<controlfield tag="008">850412s1644    enk     al    000 0 eng d</controlfield>
<controlfield tag="009">5124</controlfield>
<datafield tag="040" ind1=" " ind2=" ">
<subfield code="a">EAA</subfield>
<subfield code="c">EAA</subfield>
<subfield code="d">UMI</subfield>
<subfield code="d">OCL</subfield>
<subfield code="d">OCLCQ</subfield>
</datafield>
<controlfield tag="007">hd afv---baca</controlfield>
<datafield tag="037" ind1=" " ind2=" ">
<subfield code="a">CL0037000007</subfield>
<subfield code="b">UMI</subfield>
</datafield>
<datafield tag="037" ind1=" " ind2=" ">
<subfield code="b">University Microfilms International, 300 N. Zeeb Rd., Ann Arbor, MI 48106</subfield>
</datafield>
<datafield tag="043" ind1=" " ind2=" ">
<subfield code="a">e-uk-en</subfield>
<subfield code="a">e-uk---</subfield>
</datafield>
<datafield tag="050" ind1=" " ind2="4">
<subfield code="a">AC6</subfield>
<subfield code="b">.E2 Reel, 231</subfield>
</datafield>
<datafield tag="110" ind1="1" ind2=" ">
<subfield code="a">England and Wales.</subfield>
</datafield>
<datafield tag="240" ind1="1" ind2="0">
<subfield code="a">Laws, etc.</subfield>
</datafield>
<datafield tag="245" ind1="1" ind2="3">
<subfield code="a">An ordinance of the Lords and Commons assembled in Parliament</subfield>
<subfield code="h">[microform] :</subfield>
<subfield code="b">for the raising of 66666 pounds 13 shillings foure pence, by way of loane, for the better inabling of our brethren of Scotland, for our assistance and defence in this common cause of religion and liberty.</subfield>
</datafield>
<datafield tag="260" ind1=" " ind2=" ">
<subfield code="a">London :</subfield>
<subfield code="b">Printed by Richard Cotes,</subfield>
<subfield code="c">1644.</subfield>
</datafield>
<datafield tag="300" ind1=" " ind2=" ">
<subfield code="a">[2], 6 p.</subfield>
</datafield>
<datafield tag="500" ind1=" " ind2=" ">
<subfield code="a">At head of title: Die lunae 2 Decemb, 1644.</subfield>
</datafield>
<datafield tag="500" ind1=" " ind2=" ">
<subfield code="a">Reproduction of original in Thomason Collection, British Library.</subfield>
</datafield>
<datafield tag="510" ind1="4" ind2=" ">
<subfield code="a">Wing</subfield>
<subfield code="c">E2022</subfield>
</datafield>
<datafield tag="533" ind1=" " ind2=" ">
<subfield code="a">Microfilm.</subfield>
<subfield code="b">Ann Arbor, Mich. :</subfield>
<subfield code="c">University Microfilms,</subfield>
<subfield code="d">1967.</subfield>
<subfield code="e">1 microfilm reel ; 35 mm.</subfield>
<subfield code="f">(Early English books, 1641-1700 ; 231:E.19, no. 18).</subfield>
</datafield>
<datafield tag="539" ind1=" " ind2=" ">
<subfield code="a">s</subfield>
<subfield code="b">1967</subfield>
<subfield code="d">miu</subfield>
<subfield code="e">n</subfield>
</datafield>
<datafield tag="650" ind1=" " ind2="0">
<subfield code="a">Taxation</subfield>
<subfield code="x">Law and legislation</subfield>
<subfield code="z">England.</subfield>
</datafield>
<datafield tag="650" ind1=" " ind2="0">
<subfield code="a">Debts, Public</subfield>
<subfield code="z">England.</subfield>
</datafield>
<datafield tag="651" ind1=" " ind2="0">
<subfield code="a">Great Britain</subfield>
<subfield code="x">History</subfield>
<subfield code="y">Civil War, 1642-1649</subfield>
<subfield code="v">Sources.</subfield>
</datafield>
<datafield tag="830" ind1=" " ind2="0">
<subfield code="a">Early English books, 1641-1700 ;</subfield>
<subfield code="v">231:E.19, no. 18.</subfield>
</datafield>
</record>
</recordData>
</record>