
<record>
<recordSchema>info:srw/schema/1/marcxml-v1.1</recordSchema>
<recordPacking>xml</recordPacking>
<recordData>
<record xmlns="http://www.loc.gov/MARC21/slim">
<leader>99999cam a22000011  4500cam  1  </leader>
<controlfield tag="001">285606</controlfield>
<controlfield tag="008">730208s1940    nyu           000 1 eng  </controlfield>
<datafield tag="010" ind1=" " ind2=" ">
<subfield code="a">   40027732 </subfield>
</datafield>
<datafield tag="040" ind1=" " ind2=" ">
<subfield code="a">DLC</subfield>
<subfield code="c">DLC</subfield>
<subfield code="d">TVC</subfield>
<subfield code="d">OCL</subfield>
<subfield code="d">OCLCQ</subfield>
<subfield code="d">DIBAM</subfield>
<subfield code="d">OCLCQ</subfield>
</datafield>
<datafield tag="019" ind1=" " ind2=" ">
<subfield code="a">706380</subfield>
<subfield code="a">3201969</subfield>
<subfield code="a">3595761</subfield>
<subfield code="a">3666723</subfield>
<subfield code="a">4300869</subfield>
<subfield code="a">4304673</subfield>
<subfield code="a">4304702</subfield>
<subfield code="a">5198840</subfield>
<subfield code="a">7375057</subfield>
<subfield code="a">15346532</subfield>
</datafield>
<datafield tag="029" ind1="1" ind2=" ">
<subfield code="a">NZ1</subfield>
<subfield code="b">2893628</subfield>
</datafield>
<datafield tag="043" ind1=" " ind2=" ">
<subfield code="a">e-sp---</subfield>
</datafield>
<datafield tag="050" ind1="0" ind2="0">
<subfield code="a">PS3515.E37</subfield>
<subfield code="b">F6 1940</subfield>
</datafield>
<datafield tag="051" ind1=" " ind2=" ">
<subfield code="a">PS3515.E37</subfield>
<subfield code="b">F6 1940b</subfield>
<subfield code="c">Another impression. Without code letter A on copyright page. Purchase,   Mar. 27, 1941 (DLC #612975)</subfield>
</datafield>
<datafield tag="051" ind1=" " ind2=" ">
<subfield code="a">PS3515.E37</subfield>
<subfield code="b">F6 1940b Copy 2</subfield>
<subfield code="c">Another impression. Without code letter A on copyright page. Source unknown.</subfield>
</datafield>
<datafield tag="082" ind1="0" ind2="4">
<subfield code="a">813.52</subfield>
<subfield code="b">H373f</subfield>
</datafield>
<datafield tag="100" ind1="1" ind2=" ">
<subfield code="a">Hemingway, Ernest,</subfield>
<subfield code="d">1899-1961.</subfield>
</datafield>
<datafield tag="245" ind1="1" ind2="0">
<subfield code="a">For whom the bell tolls.</subfield>
</datafield>
<datafield tag="260" ind1=" " ind2=" ">
<subfield code="a">New York,</subfield>
<subfield code="b">Scribner,</subfield>
<subfield code="c">1940.</subfield>
</datafield>
<datafield tag="300" ind1=" " ind2=" ">
<subfield code="a">471 p.</subfield>
<subfield code="c">22 cm.</subfield>
</datafield>
<datafield tag="500" ind1=" " ind2=" ">
<subfield code="a">"The first printing has the code letter A on the copyright page"--Johnson.</subfield>
</datafield>
<datafield tag="500" ind1=" " ind2=" ">
<subfield code="a">First printing.</subfield>
</datafield>
<datafield tag="510" ind1="4" ind2=" ">
<subfield code="a">Johnson, M. de V. First editions (4th ed.),</subfield>
<subfield code="c">p. 236</subfield>
</datafield>
<datafield tag="510" ind1="4" ind2=" ">
<subfield code="a">First printings of Amer. authors,</subfield>
<subfield code="c">v. 1, p. 179</subfield>
</datafield>
<datafield tag="500" ind1=" " ind2=" ">
<subfield code="a">LC copy has dust jacket.</subfield>
<subfield code="5">DLC</subfield>
</datafield>
<datafield tag="500" ind1=" " ind2=" ">
<subfield code="a">Source: Gift of Herman Finkelstein, Dec. 30, 1980.</subfield>
<subfield code="5">DLC</subfield>
</datafield>
<datafield tag="651" ind1=" " ind2="0">
<subfield code="a">Spain</subfield>
<subfield code="x">History</subfield>
<subfield code="y">Civil War, 1936-1939</subfield>
<subfield code="v">Fiction.</subfield>
</datafield>
<datafield tag="650" ind1=" " ind2="0">
<subfield code="a">Americans</subfield>
<subfield code="z">Spain</subfield>
<subfield code="v">Fiction.</subfield>
</datafield>
<datafield tag="655" ind1=" " ind2="7">
<subfield code="a">War stories.</subfield>
<subfield code="2">gsafd</subfield>
</datafield>
<datafield tag="650" ind1=" " ind2="7">
<subfield code="a">NOVELAS ESPAN~OLAS.</subfield>
<subfield code="2">renib</subfield>
</datafield>
<datafield tag="710" ind1="2" ind2=" ">
<subfield code="a">Herman Finkelstein Collection (Library of Congress)</subfield>
<subfield code="5">DLC</subfield>
</datafield>
</record>
</recordData>
</record>