
<record>
<recordSchema>info:srw/schema/1/marcxml-v1.1</recordSchema>
<recordPacking>xml</recordPacking>
<recordData>
<record xmlns="http://www.loc.gov/MARC21/slim">
<leader>99999cam a2200001 a 4500cam   a </leader>
<controlfield tag="001">71506656</controlfield>
<controlfield tag="008">060919s2007    nyu    j      000 f eng  </controlfield>
<datafield tag="010" ind1=" " ind2=" ">
<subfield code="a">  2006027811</subfield>
</datafield>
<datafield tag="040" ind1=" " ind2=" ">
<subfield code="a">DLC</subfield>
<subfield code="c">DLC</subfield>
<subfield code="d">BAKER</subfield>
<subfield code="d">BTCTA</subfield>
<subfield code="d">TEF</subfield>
<subfield code="d">YDXCP</subfield>
<subfield code="d">UPZ</subfield>
<subfield code="d">IUK</subfield>
<subfield code="d">EHH</subfield>
</datafield>
<datafield tag="019" ind1=" " ind2=" ">
<subfield code="a">179573037</subfield>
</datafield>
<datafield tag="020" ind1=" " ind2=" ">
<subfield code="a">0385732619 (hardcover)</subfield>
</datafield>
<datafield tag="020" ind1=" " ind2=" ">
<subfield code="a">9780385732611 (hardcover)</subfield>
</datafield>
<datafield tag="020" ind1=" " ind2=" ">
<subfield code="a">9780385902786 (lib. bdg.)</subfield>
</datafield>
<datafield tag="020" ind1=" " ind2=" ">
<subfield code="a">0385902786 (lib. bdg.)</subfield>
</datafield>
<datafield tag="037" ind1=" " ind2=" ">
<subfield code="b">Junior Library Guild</subfield>
<subfield code="n">http://www.juniorlibraryguild.com</subfield>
</datafield>
<datafield tag="042" ind1=" " ind2=" ">
<subfield code="a">lcac</subfield>
</datafield>
<datafield tag="050" ind1="0" ind2="0">
<subfield code="a">PZ7.C7834</subfield>
<subfield code="b">Di 2007</subfield>
</datafield>
<datafield tag="082" ind1="0" ind2="0">
<subfield code="a">[Fic]</subfield>
<subfield code="2">22</subfield>
</datafield>
<datafield tag="100" ind1="1" ind2=" ">
<subfield code="a">Cooney, Caroline B.</subfield>
</datafield>
<datafield tag="245" ind1="1" ind2="0">
<subfield code="a">Diamonds in the shadow /</subfield>
<subfield code="c">Caroline B. Cooney.</subfield>
</datafield>
<datafield tag="250" ind1=" " ind2=" ">
<subfield code="a">1st ed.</subfield>
</datafield>
<datafield tag="260" ind1=" " ind2=" ">
<subfield code="a">New York :</subfield>
<subfield code="b">Delacorte Press,</subfield>
<subfield code="c">c2007.</subfield>
</datafield>
<datafield tag="300" ind1=" " ind2=" ">
<subfield code="a">228 p. ;</subfield>
<subfield code="c">22 cm.</subfield>
</datafield>
<datafield tag="586" ind1="8" ind2=" ">
<subfield code="a">A Junior Library Guild selection</subfield>
</datafield>
<datafield tag="520" ind1=" " ind2=" ">
<subfield code="a">The Finches, a Connecticut family, sponsor an African refugee family of four, all of whom have been scarred by the horrors of civil war, and who inadvertently put their benefactors in harm's way.</subfield>
</datafield>
<datafield tag="650" ind1=" " ind2="0">
<subfield code="a">Refugees</subfield>
<subfield code="v">Juvenile fiction.</subfield>
</datafield>
<datafield tag="650" ind1=" " ind2="0">
<subfield code="a">Africans</subfield>
<subfield code="z">United States</subfield>
<subfield code="v">Juvenile fiction.</subfield>
</datafield>
<datafield tag="650" ind1=" " ind2="0">
<subfield code="a">Civil war</subfield>
<subfield code="z">Africa</subfield>
<subfield code="v">Juvenile fiction.</subfield>
</datafield>
<datafield tag="650" ind1=" " ind2="0">
<subfield code="a">Family</subfield>
<subfield code="z">Connecticut</subfield>
<subfield code="v">Juvenile fiction.</subfield>
</datafield>
<datafield tag="651" ind1=" " ind2="0">
<subfield code="a">Connecticut</subfield>
<subfield code="v">Juvenile fiction.</subfield>
</datafield>
<datafield tag="655" ind1=" " ind2="0">
<subfield code="a">Young adult fiction.</subfield>
</datafield>
<datafield tag="650" ind1=" " ind2="1">
<subfield code="a">Refugees</subfield>
<subfield code="v">Fiction.</subfield>
</datafield>
<datafield tag="650" ind1=" " ind2="1">
<subfield code="a">Africans</subfield>
<subfield code="z">United States</subfield>
<subfield code="v">Fiction.</subfield>
</datafield>
<datafield tag="650" ind1=" " ind2="1">
<subfield code="a">Civil war</subfield>
<subfield code="z">Africa</subfield>
<subfield code="v">Fiction.</subfield>
</datafield>
<datafield tag="650" ind1=" " ind2="1">
<subfield code="a">Family life</subfield>
<subfield code="z">Connecticut</subfield>
<subfield code="v">Fiction.</subfield>
</datafield>
<datafield tag="651" ind1=" " ind2="1">
<subfield code="a">Connecticut</subfield>
<subfield code="v">Fiction.</subfield>
</datafield>
<datafield tag="856" ind1="4" ind2="2">
<subfield code="3">Contributor biographical information</subfield>
<subfield code="u">http://www.loc.gov/catdir/enhancements/fy0808/2006027811-b.html</subfield>
</datafield>
<datafield tag="856" ind1="4" ind2="2">
<subfield code="3">Publisher description</subfield>
<subfield code="u">http://www.loc.gov/catdir/enhancements/fy0808/2006027811-d.html</subfield>
</datafield>
<datafield tag="856" ind1="4" ind2="1">
<subfield code="3">Sample text</subfield>
<subfield code="u">http://www.loc.gov/catdir/enhancements/fy0808/2006027811-s.html</subfield>
</datafield>
<datafield tag="938" ind1=" " ind2=" ">
<subfield code="a">Baker &amp; Taylor</subfield>
<subfield code="b">BKTY</subfield>
<subfield code="c">15.99</subfield>
<subfield code="d">11.99</subfield>
<subfield code="i">0385732619</subfield>
<subfield code="n">0007111514</subfield>
<subfield code="s">active</subfield>
</datafield>
<datafield tag="938" ind1=" " ind2=" ">
<subfield code="a">Baker and Taylor</subfield>
<subfield code="b">BTCP</subfield>
<subfield code="n">BK0007111515</subfield>
</datafield>
<datafield tag="938" ind1=" " ind2=" ">
<subfield code="a">Baker &amp; Taylor</subfield>
<subfield code="b">BKTY</subfield>
<subfield code="c">18.99</subfield>
<subfield code="d">18.99</subfield>
<subfield code="i">0385902786</subfield>
<subfield code="n">0007111515</subfield>
<subfield code="s">active</subfield>
</datafield>
<datafield tag="938" ind1=" " ind2=" ">
<subfield code="a">YBP Library Services</subfield>
<subfield code="b">YANK</subfield>
<subfield code="n">2715798</subfield>
</datafield>
</record>
</recordData>
</record>