
<record>
<recordSchema>info:srw/schema/1/marcxml-v1.1</recordSchema>
<recordPacking>xml</recordPacking>
<recordData>
<record xmlns="http://www.loc.gov/MARC21/slim">
<leader>99999cam a2200001Ia 4500cam  Ia </leader>
<controlfield tag="001">289150</controlfield>
<controlfield tag="008">720420m18851886nyuabcf       001 0aeng  </controlfield>
<datafield tag="010" ind1=" " ind2=" ">
<subfield code="a">   10032706 </subfield>
</datafield>
<datafield tag="040" ind1=" " ind2=" ">
<subfield code="a">DLC</subfield>
<subfield code="c">WCW</subfield>
<subfield code="d">SER</subfield>
<subfield code="d">OCL</subfield>
<subfield code="d">KSU</subfield>
<subfield code="d">IXA</subfield>
<subfield code="d">JYJ</subfield>
<subfield code="d">OCLCQ</subfield>
<subfield code="d">LVB</subfield>
<subfield code="d">WRJ</subfield>
</datafield>
<datafield tag="019" ind1=" " ind2=" ">
<subfield code="a">3457196</subfield>
<subfield code="a">45464560</subfield>
</datafield>
<datafield tag="029" ind1="1" ind2=" ">
<subfield code="a">NZ1</subfield>
<subfield code="b">3873711</subfield>
</datafield>
<datafield tag="043" ind1=" " ind2=" ">
<subfield code="a">n-us---</subfield>
</datafield>
<datafield tag="050" ind1="0" ind2=" ">
<subfield code="a">E672</subfield>
<subfield code="b">.G76 1885</subfield>
</datafield>
<datafield tag="082" ind1="0" ind2="4">
<subfield code="a">973.82092</subfield>
<subfield code="2">22</subfield>
</datafield>
<datafield tag="100" ind1="1" ind2=" ">
<subfield code="a">Grant, Ulysses S.</subfield>
<subfield code="q">(Ulysses Simpson),</subfield>
<subfield code="d">1822-1885.</subfield>
</datafield>
<datafield tag="245" ind1="1" ind2="0">
<subfield code="a">Personal memoirs of U.S. Grant.</subfield>
</datafield>
<datafield tag="260" ind1=" " ind2=" ">
<subfield code="a">New York :</subfield>
<subfield code="b">C.L. Webster &amp; Co.,</subfield>
<subfield code="c">1885-86.</subfield>
</datafield>
<datafield tag="300" ind1=" " ind2=" ">
<subfield code="a">2 v., ca. [5] leaves of plates :</subfield>
<subfield code="b">ill., ports. maps, facsims. ;</subfield>
<subfield code="c">24 cm.</subfield>
</datafield>
<datafield tag="500" ind1=" " ind2=" ">
<subfield code="a">Includes index.</subfield>
</datafield>
<datafield tag="600" ind1="1" ind2="0">
<subfield code="a">Grant, Ulysses S.</subfield>
<subfield code="q">(Ulysses Simpson),</subfield>
<subfield code="d">1822-1885.</subfield>
</datafield>
<datafield tag="651" ind1=" " ind2="0">
<subfield code="a">United States</subfield>
<subfield code="x">History</subfield>
<subfield code="y">Civil War, 1861-1865</subfield>
<subfield code="x">Campaigns.</subfield>
</datafield>
<datafield tag="651" ind1=" " ind2="0">
<subfield code="a">United States</subfield>
<subfield code="x">History</subfield>
<subfield code="y">Civil War, 1861-1865</subfield>
<subfield code="v">Personal narratives.</subfield>
</datafield>
<datafield tag="650" ind1=" " ind2="0">
<subfield code="a">Mexican War, 1846-1848</subfield>
<subfield code="v">Personal narratives.</subfield>
</datafield>
<datafield tag="650" ind1=" " ind2="0">
<subfield code="a">Generals</subfield>
<subfield code="z">United States</subfield>
<subfield code="v">Biography.</subfield>
</datafield>
<datafield tag="610" ind1="1" ind2="0">
<subfield code="a">United States.</subfield>
<subfield code="b">Army</subfield>
<subfield code="v">Biography.</subfield>
</datafield>
<datafield tag="651" ind1=" " ind2="6">
<subfield code="a">E´tats-Unis</subfield>
<subfield code="x">Histoire</subfield>
<subfield code="y">1861-1865 (Guerre de Se´cession)</subfield>
<subfield code="v">Re´cits personnels.</subfield>
</datafield>
<datafield tag="856" ind1="4" ind2="1">
<subfield code="u">http://www.gutenberg.org/catalog/world/readfile?fk_files=59540</subfield>
<subfield code="z">View online version from Project Gutenberg.</subfield>
</datafield>
</record>
</recordData>
</record>