
<record>
<recordSchema>info:srw/schema/1/marcxml-v1.1</recordSchema>
<recordPacking>xml</recordPacking>
<recordData>
<record xmlns="http://www.loc.gov/MARC21/slim">
<leader>99999cam a2200001 a 4500cam   a </leader>
<controlfield tag="001">15550774</controlfield>
<controlfield tag="008">870402s1988    nyuaf    b    001 0 eng  </controlfield>
<controlfield tag="009">466</controlfield>
<datafield tag="010" ind1=" " ind2=" ">
<subfield code="a">   87011045 </subfield>
</datafield>
<datafield tag="040" ind1=" " ind2=" ">
<subfield code="a">DLC</subfield>
<subfield code="c">DLC</subfield>
<subfield code="d">UKM</subfield>
<subfield code="d">MUQ</subfield>
<subfield code="d">XY4</subfield>
<subfield code="d">BAKER</subfield>
<subfield code="d">NLGGC</subfield>
<subfield code="d">BTCTA</subfield>
<subfield code="d">YDXCP</subfield>
</datafield>
<datafield tag="015" ind1=" " ind2=" ">
<subfield code="a">GB88-67936</subfield>
</datafield>
<datafield tag="019" ind1=" " ind2=" ">
<subfield code="a">18960948</subfield>
</datafield>
<datafield tag="020" ind1=" " ind2=" ">
<subfield code="a">0195038630 (alk. paper)</subfield>
</datafield>
<datafield tag="020" ind1=" " ind2=" ">
<subfield code="a">9780195038637 (alk. paper)</subfield>
</datafield>
<datafield tag="029" ind1="1" ind2=" ">
<subfield code="a">UKM</subfield>
<subfield code="b">b8867936</subfield>
</datafield>
<datafield tag="029" ind1="1" ind2=" ">
<subfield code="a">NLGGC</subfield>
<subfield code="b">037699849</subfield>
</datafield>
<datafield tag="029" ind1="1" ind2=" ">
<subfield code="a">NLGGC</subfield>
<subfield code="b">291201032</subfield>
</datafield>
<datafield tag="029" ind1="1" ind2=" ">
<subfield code="a">YDXCP</subfield>
<subfield code="b">100871</subfield>
</datafield>
<datafield tag="029" ind1="1" ind2=" ">
<subfield code="a">NZ1</subfield>
<subfield code="b">5004765</subfield>
</datafield>
<datafield tag="043" ind1=" " ind2=" ">
<subfield code="a">n-us---</subfield>
</datafield>
<datafield tag="050" ind1="0" ind2="0">
<subfield code="a">E173</subfield>
<subfield code="b">.O94 vol. 6</subfield>
<subfield code="a">E470</subfield>
</datafield>
<datafield tag="082" ind1="0" ind2="0">
<subfield code="a">973.7/3</subfield>
<subfield code="2">19</subfield>
</datafield>
<datafield tag="084" ind1=" " ind2=" ">
<subfield code="a">15.85</subfield>
<subfield code="2">bcl</subfield>
</datafield>
<datafield tag="100" ind1="1" ind2=" ">
<subfield code="a">McPherson, James M.</subfield>
</datafield>
<datafield tag="245" ind1="1" ind2="0">
<subfield code="a">Battle cry of freedom :</subfield>
<subfield code="b">the Civil War era /</subfield>
<subfield code="c">James M. McPherson.</subfield>
</datafield>
<datafield tag="260" ind1=" " ind2=" ">
<subfield code="a">New York :</subfield>
<subfield code="b">Oxford University Press,</subfield>
<subfield code="c">1988.</subfield>
</datafield>
<datafield tag="300" ind1=" " ind2=" ">
<subfield code="a">xix, 904 p., [16] p. of plates :</subfield>
<subfield code="b">ill. ;</subfield>
<subfield code="c">25 cm.</subfield>
</datafield>
<datafield tag="440" ind1=" " ind2="4">
<subfield code="a">The Oxford history of the United States ;</subfield>
<subfield code="v">v. 6</subfield>
</datafield>
<datafield tag="504" ind1=" " ind2=" ">
<subfield code="a">Bibliography: p. 865-882.</subfield>
</datafield>
<datafield tag="500" ind1=" " ind2=" ">
<subfield code="a">Includes index.</subfield>
</datafield>
<datafield tag="520" ind1=" " ind2=" ">
<subfield code="a">Filled with fresh interpretations and information, puncturing old myths and challenging new ones, Battle Cry of Freedom will unquestionably become the standard one-volume history of the Civil War.James McPherson's fast-paced narrative fully integrates the political, social, and military events that crowded the two decades from the outbreak of one war in Mexico to the ending of another at Appomattox. Packed with drama and analytical insight, the book vividly recounts the momentous episodes that preceded the Civil War--the Dred Scott decision, the Lincoln-Douglas debates, John Brown's raid on Harper's Ferry--and then moves into a masterful chronicle of the war itself--the battles, the strategic maneuvering on both sides, the politics, and the personalities. Particularly notable are McPherson's new views on such matters as the slavery expansion issue in the 1850s, the origins of the Republican Party, the causes of secession, internal dissent and anti-war opposition in the North and the South, and the reasons for the Union's victory.The book's title refers to the sentiments that informed both the Northern and Southern views of the conflict: the South seceded in the name of that freedom of self-determination and self-government for which their fathers had fought in 1776, while the North stood fast in defense of the Union founded by those fathers as the bulwark of American liberty. Eventually, the North had to grapple with the underlying cause of the war--slavery--and adopt a policy of emancipation as a second war aim. This "new birth of freedom," as Lincoln called it, constitutes the proudest legacy of America's bloodiest conflict.This authoritative volume makes sense of that vast and confusing "second American Revolution" we call the Civil War, a war that transformed a nation and expanded our heritage of liberty.</subfield>
</datafield>
<datafield tag="651" ind1=" " ind2="0">
<subfield code="a">United States</subfield>
<subfield code="x">History</subfield>
<subfield code="y">Civil War, 1861-1865</subfield>
<subfield code="x">Campaigns.</subfield>
</datafield>
<datafield tag="651" ind1=" " ind2="0">
<subfield code="a">United States</subfield>
<subfield code="x">History</subfield>
<subfield code="y">Civil War, 1861-1865.</subfield>
</datafield>
<datafield tag="653" ind1=" " ind2=" ">
<subfield code="a">American Civil War</subfield>
</datafield>
<datafield tag="651" ind1=" " ind2="6">
<subfield code="a">E´tats-Unis</subfield>
<subfield code="x">Histoire</subfield>
<subfield code="y">1861-1865 (Guerre de Se´cession)</subfield>
<subfield code="x">Campagnes et batailles.</subfield>
</datafield>
<datafield tag="651" ind1=" " ind2="6">
<subfield code="a">E´tats-Unis</subfield>
<subfield code="x">Histoire</subfield>
<subfield code="y">1861-1865 (Guerre de Se´cession)</subfield>
</datafield>
<datafield tag="650" ind1="1" ind2="7">
<subfield code="a">Amerikaanse burgeroorlog.</subfield>
<subfield code="2">gtt</subfield>
</datafield>
<datafield tag="856" ind1="4" ind2="2">
<subfield code="3">Publisher description</subfield>
<subfield code="u">http://www.loc.gov/catdir/enhancements/fy0603/87011045-d.html</subfield>
</datafield>
<datafield tag="856" ind1="4" ind2="2">
<subfield code="3">Contributor biographical information</subfield>
<subfield code="u">http://www.loc.gov/catdir/enhancements/fy0725/87011045-b.html</subfield>
</datafield>
<datafield tag="938" ind1=" " ind2=" ">
<subfield code="a">Baker &amp; Taylor</subfield>
<subfield code="b">BKTY</subfield>
<subfield code="c">50.00</subfield>
<subfield code="d">50.00</subfield>
<subfield code="i">0195038630</subfield>
<subfield code="n">0001279379</subfield>
<subfield code="s">active</subfield>
</datafield>
<datafield tag="938" ind1=" " ind2=" ">
<subfield code="a">Baker and Taylor</subfield>
<subfield code="b">BTCP</subfield>
<subfield code="n">87011045</subfield>
</datafield>
<datafield tag="938" ind1=" " ind2=" ">
<subfield code="a">YBP Library Services</subfield>
<subfield code="b">YANK</subfield>
<subfield code="n">100871</subfield>
</datafield>
</record>
</recordData>
</record>
</records>
<nextRecordPosition>11</nextRecordPosition>
<resultSetIdleTime/>
<echoedSearchRetrieveRequest>
<version>1.1</version>
<query>srw.kw%3D%22civil+war%22</query>
<maximumRecords>10</maximumRecords>
<recordPacking>xml</recordPacking>
<startRecord>1</startRecord>
</echoedSearchRetrieveRequest>
</searchRetrieveResponse>